<?xml version="1.0" encoding="UTF-8"?><record xmlns="http://www.loc.gov/MARC21/slim" xmlns:cinclude="http://apache.org/cocoon/include/1.0" xmlns:zs="http://www.loc.gov/zing/srw/">
  <leader>01230cz  a2200253n  4500</leader>
  <controlfield tag="001">n  97126498 </controlfield>
  <controlfield tag="003">DLC</controlfield>
  <controlfield tag="005">20110417074819.0</controlfield>
  <controlfield tag="008">971231n| acannaabn          |a aaa      </controlfield>
  <datafield tag="010" ind1=" " ind2=" ">
    <subfield code="a">n  97126498 </subfield>
  </datafield>
  <datafield tag="035" ind1=" " ind2=" ">
    <subfield code="a">(OCoLC)oca04574791</subfield>
  </datafield>
  <datafield tag="040" ind1=" " ind2=" ">
    <subfield code="a">DLC</subfield>
    <subfield code="b">eng</subfield>
    <subfield code="c">DLC</subfield>
    <subfield code="d">DLC</subfield>
    <subfield code="d">IEN</subfield>
  </datafield>
  <datafield tag="100" ind1="1" ind2=" ">
    <subfield code="a">Nimo, Ko,</subfield>
    <subfield code="d">1934-</subfield>
  </datafield>
  <datafield tag="400" ind1="1" ind2=" ">
    <subfield code="a">Amponsah, Daniel,</subfield>
    <subfield code="d">1934-</subfield>
  </datafield>
  <datafield tag="400" ind1="0" ind2=" ">
    <subfield code="a">Ko Nimo,</subfield>
    <subfield code="d">1934-</subfield>
  </datafield>
  <datafield tag="400" ind1="0" ind2=" ">
    <subfield code="a">Konimo,</subfield>
    <subfield code="d">1934-</subfield>
  </datafield>
  <datafield tag="400" ind1="0" ind2=" ">
    <subfield code="a">Koo Nimo,</subfield>
    <subfield code="d">1934-</subfield>
  </datafield>
  <datafield tag="400" ind1="1" ind2=" ">
    <subfield code="a">Nimo, Koo,</subfield>
    <subfield code="d">1934-</subfield>
  </datafield>
  <datafield tag="670" ind1=" " ind2=" ">
    <subfield code="a">King of up-up-up, 1988:</subfield>
    <subfield code="b">label (Ko Nimo) program notes (Daniel Amponsah, known as Ko Nimo, b. in Foase, Ashanti Region, Ghana, 1934; vocalist and guitarist)</subfield>
  </datafield>
  <datafield tag="670" ind1=" " ind2=" ">
    <subfield code="a">Guiness encycl. of popular music</subfield>
    <subfield code="b">(Konimo, b. Daniel Amponsah, 1935, Fuase, Ashante region of Ghana)</subfield>
  </datafield>
  <datafield tag="670" ind1=" " ind2=" ">
    <subfield code="a">His Ashanti ballads, 1969.</subfield>
  </datafield>
  <datafield tag="670" ind1=" " ind2=" ">
    <subfield code="a">The story of Koo Nimo Web site, April 8, 2003</subfield>
    <subfield code="b">(Koo Nimo; Ghana's leading folk singer; b. Daniel Amponsah, Oct. 3, 1934, Foase, Atwima District of Ashanti)</subfield>
  </datafield>
  <datafield tag="670" ind1=" " ind2=" ">
    <subfield code="a">Koo Nimo (Dr. Daniel Amponsah) Web site, April 8, 2003</subfield>
    <subfield code="b">(Koo Nimo (b. Daniel Amponsah, Fuase, 1934))</subfield>
  </datafield>
  <datafield tag="670" ind1=" " ind2=" ">
    <subfield code="a">Listen, listen, 2011:</subfield>
    <subfield code="b">colophon (Koo Nimo; palm wine musician; his group is named Adadam Agofomma, which translates as Roots Ensemble)</subfield>
  </datafield>
</record>